
@article{ADVI,
  title={Automatic differentiation variational inference},
  author={Kucukelbir, Alp and Tran, Dustin and Ranganath, Rajesh and Gelman, Andrew and Blei, David M},
  journal={The Journal of Machine Learning Research},
  volume={18},
  number={1},
  pages={430--474},
  year={2017},
  publisher={JMLR. org}
}

@article{PLAZA-paper-1,
  title={PLAZA 4.0: an integrative resource for functional, evolutionary and comparative plant genomics},
  author={Van Bel, Michiel and Diels, Tim and Vancaester, Emmelien and Kreft, Lukasz and Botzki, Alexander and Van de Peer, Yves and Coppens, Frederik and Vandepoele, Klaas},
  journal={Nucleic acids research},
  volume={46},
  number={D1},
  pages={D1190--D1196},
  year={2018},
  publisher={Oxford University Press}
}

@article{PLAZA-paper-2,
  title={pico-PLAZA, a genome database of microbial photosynthetic eukaryotes},
  author={Vandepoele, Klaas and Van Bel, Michiel and Richard, Guilhem and Van Landeghem, Sofie and Verhelst, Bram and Moreau, Herv{\'e} and Van de Peer, Yves and Grimsley, Nigel and Piganeau, Gwenael},
  journal={Environmental microbiology},
  volume={15},
  number={8},
  pages={2147--2153},
  year={2013},
  publisher={Wiley Online Library}
}

@article{whale,
  title={Inference of ancient whole-genome duplications and the evolution of gene duplication and loss rates},
  author={Zwaenepoel, Arthur and Van de Peer, Yves},
  journal={Molecular biology and evolution},
  volume={36},
  number={7},
  pages={1384--1404},
  year={2019},
  publisher={Oxford University Press}
}

@inproceedings{ADVI-stan,
  title={Automatic variational inference in Stan},
  author={Kucukelbir, Alp and Ranganath, Rajesh and Gelman, Andrew and Blei, David},
  booktitle={Advances in neural information processing systems},
  pages={568--576},
  year={2015}
}

@article{vi-review,
  title={Variational inference: A review for statisticians},
  author={Blei, David M and Kucukelbir, Alp and McAuliffe, Jon D},
  journal={Journal of the American statistical Association},
  volume={112},
  number={518},
  pages={859--877},
  year={2017},
  publisher={Taylor \& Francis}
}

@article{svi-cat,
  title={Stochastic variational inference for Bayesian phylogenetics: a case of CAT model},
  author={Dang, Tung and Kishino, Hirohisa},
  journal={Molecular biology and evolution},
  volume={36},
  number={4},
  pages={825--833},
  year={2019},
  publisher={Oxford University Press}
}

@inproceedings{BBVI,
  title={Black box variational inference},
  author={Ranganath, Rajesh and Gerrish, Sean and Blei, David},
  booktitle={Artificial Intelligence and Statistics},
  pages={814--822},
  year={2014}
}

@inproceedings{SVGD,
  title={Stein variational gradient descent: A general purpose bayesian inference algorithm},
  author={Liu, Qiang and Wang, Dilin},
  booktitle={Advances in neural information processing systems},
  pages={2378--2386},
  year={2016}
}

@article{KL,
  title={On information and sufficiency},
  author={Kullback, Solomon and Leibler, Richard A},
  journal={The annals of mathematical statistics},
  volume={22},
  number={1},
  pages={79--86},
  year={1951},
  publisher={JSTOR}
}

@article{ADAM,
  title={Adam: A method for stochastic optimization},
  author={Kingma, Diederik P and Ba, Jimmy},
  journal={arXiv preprint arXiv:1412.6980},
  year={2014}
}

@article{Flux,
  title={Fashionable modelling with Flux},
  author={Innes, Michael and Saba, Elliot and Fischer, Keno and Gandhi, Dhairya and Rudilosso, Marco Concetto and Joy, Neethu Mariya and Karmali, Tejan and Pal, Avik and Shah, Viral},
  journal={arXiv preprint arXiv:1811.01457},
  year={2018}
}

@article{Stan,
  title={Stan: A probabilistic programming language},
  author={Carpenter, Bob and Gelman, Andrew and Hoffman, Matthew D and Lee, Daniel and Goodrich, Ben and Betancourt, Michael and Brubaker, Marcus and Guo, Jiqiang and Li, Peter and Riddell, Allen},
  journal={Journal of statistical software},
  volume={76},
  number={1},
  year={2017},
  publisher={Columbia Univ., New York, NY (United States); Harvard Univ., Cambridge, MA~â€¦}
}

@article{rice,
  title={Genomes of 13 domesticated and wild rice relatives highlight genetic conservation, turnover and innovation across the genus Oryza},
  author={Stein, Joshua C and Yu, Yeisoo and Copetti, Dario and Zwickl, Derrick J and Zhang, Li and Zhang, Chengjun and Chougule, Kapeel and Gao, Dongying and Iwata, Aiko and Goicoechea, Jose Luis and others},
  journal={Nature genetics},
  volume={50},
  number={2},
  pages={285--296},
  year={2018},
  publisher={Nature Publishing Group}
}

@article{pymc3,
  title={Probabilistic programming in Python using PyMC3},
  author={Salvatier, John and Wiecki, Thomas V and Fonnesbeck, Christopher},
  journal={PeerJ Computer Science},
  volume={2},
  pages={e55},
  year={2016},
  publisher={PeerJ Inc.}
}

@article{rice-split,
  title={Evidence and evolutionary analysis of ancient whole-genome duplication in barley predating the divergence from rice},
  author={Thiel, Thomas and Graner, Andreas and Waugh, Robbie and Grosse, Ivo and Close, Timothy J and Stein, Nils},
  journal={BMC Evolutionary Biology},
  volume={9},
  number={1},
  pages={1--18},
  year={2009},
  publisher={BioMed Central}
}

@article{AD,
  title={A review of automatic differentiation and its efficient implementation},
  author={Margossian, Charles C},
  journal={Wiley Interdisciplinary Reviews: Data Mining and Knowledge Discovery},
  volume={9},
  number={4},
  pages={e1305},
  year={2019},
  publisher={Wiley Online Library}
}

@article{forwarddiff,
  title={Forward-mode automatic differentiation in Julia},
  author={Revels, Jarrett and Lubin, Miles and Papamarkou, Theodore},
  journal={arXiv preprint arXiv:1607.07892},
  year={2016}
}

@article{rao-blackwell,
  title={Rao-Blackwellisation of sampling schemes},
  author={Casella, George and Robert, Christian P},
  journal={Biometrika},
  volume={83},
  number={1},
  pages={81--94},
  year={1996},
  publisher={Oxford University Press}
}

@book{control-variate,
  title={A course in simulation},
  author={Ross, Sheldon M},
  year={2002},
  publisher={Elsevier}
}

@article{itol,
  title={Interactive Tree Of Life (iTOL) v4: recent updates and new developments},
  author={Letunic, Ivica and Bork, Peer},
  journal={Nucleic acids research},
  volume={47},
  number={W1},
  pages={W256--W259},
  year={2019},
  publisher={Oxford University Press}
}

@inproceedings{Turing,
  title={The Turing language for probabilistic programming},
  author={Ge, Hong and Xu, Kai and Scibior, Adam and Ghahramani, Zoubin and others},
  booktitle={Artificial Intelligence and Statistics},
  year={2018}
}

@article{mrbayes,
  title={MRBAYES: Bayesian inference of phylogenetic trees},
  author={Huelsenbeck, John P and Ronquist, Fredrik},
  journal={Bioinformatics},
  volume={17},
  number={8},
  pages={754--755},
  year={2001},
  publisher={Oxford University Press}
}

@phdthesis{vi,
  title={Variational algorithms for approximate Bayesian inference},
  author={Beal, Matthew J},
  year={2003},
  school={UCL (University College London)}
}

@article{bayes-ecology,
  title={Bayesian inference in ecology},
  author={Ellison, Aaron M},
  journal={Ecology letters},
  volume={7},
  number={6},
  pages={509--520},
  year={2004},
  publisher={Wiley Online Library}
}

@article{vi-genome-environment,
  title={A variational Bayes genomic-enabled prediction model with genotype$\times$ environment interaction},
  author={Montesinos-L{\'o}pez, Osval A and Montesinos-L{\'o}pez, Abelardo and Crossa, Jos{\'e} and Montesinos-L{\'o}pez, Jos{\'e} Cricelio and Luna-V{\'a}zquez, Francisco Javier and Salinas-Ruiz, Josafhat and Herrera-Morales, Jos{\'e} R and Buenrostro-Mariscal, Raymundo},
  journal={G3: Genes, Genomes, Genetics},
  volume={7},
  number={6},
  pages={1833--1853},
  year={2017},
  publisher={G3: Genes, Genomes, Genetics}
}

@article{phylostan,
  title={Evaluating probabilistic programming and fast variational Bayesian inference in phylogenetics},
  author={Fourment, Mathieu and Darling, Aaron E},
  journal={PeerJ},
  volume={7},
  pages={e8272},
  year={2019},
  publisher={PeerJ Inc.}
}

@article{cat,
  title={Stochastic variational inference for Bayesian phylogenetics: a case of CAT model},
  author={Dang, Tung and Kishino, Hirohisa},
  journal={Molecular biology and evolution},
  volume={36},
  number={4},
  pages={825--833},
  year={2019},
  publisher={Oxford University Press}
}

@article{bbvi-advances,
  title={Advances in Black-Box VI: Normalizing Flows, Importance Weighting, and Optimization},
  author={Agrawal, Abhinav and Sheldon, Daniel and Domke, Justin},
  journal={arXiv preprint arXiv:2006.10343},
  year={2020}
}

@article{ncbi,
  title={GenBank},
  author={Sayers, Eric W and Cavanaugh, Mark and Clark, Karen and Ostell, James and Pruitt, Kim D and Karsch-Mizrachi, Ilene},
  journal={Nucleic acids research},
  volume={47},
  number={D1},
  pages={D94--D99},
  year={2019},
  publisher={Oxford University Press}
}

@article{19,
  title={19 dubious ways to compute the marginal likelihood of a phylogenetic tree topology},
  author={Fourment, Mathieu and Magee, Andrew F and Whidden, Chris and Bilge, Arman and Matsen IV, Frederick A and Minin, Vladimir N},
  journal={Systematic Biology},
  volume={69},
  number={2},
  pages={209--220},
  year={2020},
  publisher={Oxford University Press}
}

@article {beluga,
	author = {Zwaenepoel, Arthur and Van de Peer, Yves},
	title = {Model-based detection of whole-genome duplications in a phylogeny},
	elocation-id = {2020.01.24.917997},
	year = {2020},
	doi = {10.1101/2020.01.24.917997},
	publisher = {Cold Spring Harbor Laboratory},
	journal = {bioRxiv}
}

@article{svi,
  title={Stochastic variational inference},
  author={Hoffman, Matthew D and Blei, David M and Wang, Chong and Paisley, John},
  journal={The Journal of Machine Learning Research},
  volume={14},
  number={1},
  pages={1303--1347},
  year={2013},
  publisher={JMLR. org}
}

@article{mcmc,
  title={An introduction to MCMC for machine learning},
  author={Andrieu, Christophe and De Freitas, Nando and Doucet, Arnaud and Jordan, Michael I},
  journal={Machine learning},
  volume={50},
  number={1-2},
  pages={5--43},
  year={2003},
  publisher={Springer}
}